% ------------------------- %

@book{boren_huffman, 

    title       = {Absorption and scattering of light by small particles},
    publisher   = {Wiley Science Paperback Series}, 
    author      = {Bohren, C. F. and Huffman, D. R.}, 
    year        = {1998}

}

% ------------------------- %

@book{born_wolf, 

    title       = {{Principles of optics}},
    publisher   = {Cambridge University Press}, 
    author      = {Born, E. W. M. and Wolf, E.}, 
    year        = {1999}

}

% ------------------------- %

@book{abra_steg, 

    title       = {Handbook of mathematical functions with formulas, graphs, and mathematical tables},
    publisher   = {Washington, D.C.: U.S. Dept. of Commerce, National Bureau of Standards}, 
    author      = {Abramowitz, M. and Stegun, I.}, 
    year        = {1972}

}

% From Micro-optics to Nanophotonics

% ------------------------- %

@book{kress_bernard, 

    title       = {From Micro-optics to Nanophotonics},
    publisher   = {Applied Digital Optics}, 
    author      = {Kress, B. C. and Meyrueis, P.}, 
    year        = {2009}

}

% ------------------------- %

@article{andreev_lecz, 

    title       = {Angular dispersion boost of high order laser harmonics with Carbon nano-rods},
    journal     = {Optics Express},
    volume      = {28},
    number      = {4},
    pages       = {5355-5366}, 
    author      = {LÃ©cz, Z. and Andreev, A. A.}, 
    year        = {2020}

}

% ------------------------- %

@article{celes, 

    title       = {{CELES}: {CUDA}-accelerated simulation of electromagnetic scattering by large ensembles of spheres},
    journal     = {J Quant Spectrosc Radiat},
    volume      = {199C},
    pages       = {103-110}, 
    author      = {Egel, A. and Pattelli, L. and Mazzamuto, G. and Wiersma, DS. and Lemmer, U.}, 
    year        = {2017}

}

% ------------------------- %

@article{teubner_gibbon_hoh, 

    title       = {High-order harmonics from laser-irradiated plasma surfaces},
    journal     = {Rev. Mod. Phys.},
    volume      = {81(2)},
    pages       = {445-479},
    author      = {Teubner, U. and Gibbon, P.}, 
    year        = {2009}

}

% ------------------------- %

@article{lin_zhang, 

    title       = {Wide-range and tunable diffraction management using 2d rectangular lattice photonic crystals},
    journal     = {J. Opt. Soc. Am. B},
    volume      = {31(5)},
    pages       = {1145-1149},
    author      = {Lin, X. and Zhang, X. and Yao, K. and Jiang, X.}, 
    year        = {2014}

}

% ------------------------- %

@article{batterman_cole, 

    title       = {Dynamical diffraction of x rays by perfect crystals},
    journal     = {Rev. Mod. Phys.},
    volume      = {36(3)},
    pages       = {681-717}, 
    author      = {Batterman, B. W. and Cole, H.}, 
    year        = {1964}

}

% ------------------------- %

@article{t_matrix, 

    title       = {Calculation of the T matrix and the scattering matrix for ensembles of spheres},
    journal     = {J. Opt. Soc. Am. A},
    volume      = {13(11)},
    pages       = {2266-2278}, 
    author      = {Mackowski, D. W. and Mishchenko, M. I.}, 
    year        = {1996}

}

% ------------------------- %

@inproceedings{Pfund1998,

    year = {1998},
    publisher = {AIP},
    author = {R. E. W. Pfund and R. Lichters and J. Meyer-ter-Vehn},
    title = {{LPIC}++ a parallel one-dimensional relativistic electromagnetic Particle-In-Cell code for simulating laser-plasma-interaction},
    booktitle = {AIP Conference Proceedings}

}

% ------------------------- %

@book{Kittel86,
  author = {Kittel, C.},
  publisher = {Wiley, New York},
  title = {{I}ntroduction to {S}olid {S}tate {P}hysics},
  year = 1986
}
