% ------------------------- %

@book{boren_huffman, 

    title       = {Поглощение и рассеяние света малыми частицами},
    publisher   = {Мир}, 
    author      = {Борен, К. and Хафмен, Д.}, 
    year        = {1986},
    address     = {Москва},
    hyphenation = {russian},
    langid      = {russian}

}

% ------------------------- %

@article{andreev_lecz, 

    title       = {Angular dispersion boost of high order laser harmonics with Carbon nano-rods},
    journal     = {Optics Express},
    volume      = {28},
    issue       = {4},
    pages       = {5355}, 
    author      = {L{\'{e}}cz, Z. and Andreev, A. A.}, 
    year        = {2020},
    hyphenation = {english},
    langid      = {english}

}

% ------------------------- %

@article{liseykina, 

    title       = {Relativistic {A}ttosecond {E}lectron {B}unches from {L}aser-{I}lluminated {D}roplets},
    journal     = {Physical Review Letters},
    volume      = {104},
    issue       = {9},
    author      = {Liseykina, T. V. and Pirner, S. and Bauer, D.}, 
    year        = {2010},
    hyphenation = {english},
    langid      = {english}

}

% ------------------------- %

@article{laura2015, 

    title       = {Relativistic attosecond electron bunch emission from few-cycle laser irradiated nanoscale droplets},
    journal     = {Physical Review Special Topics - Accelerators and Beams},
    volume      = {18},
    issue       = {2},
    author      = {Laura Di Lucchio and Paul Gibbon}, 
    year        = {2015},
    hyphenation = {english},
    langid      = {english}

}

% ------------------------- %

@article{celes, 

    title       = {{CELES}: {CUDA}-accelerated simulation of electromagnetic scattering by large ensembles of spheres},
    journal     = {J Quant Spectrosc Radiat},
    volume      = {199C},
    pages       = {103-110}, 
    author      = {Egel, A. and Pattelli, L. and Mazzamuto, G. and Wiersma, DS. and Lemmer, U.}, 
    year        = {2017},
    hyphenation = {english},
    langid      = {english}

}

% ------------------------- %

@article{lin_zhang, 

    title       = {Wide-range and tunable diffraction management using 2{D} rectangular lattice photonic crystals},
    journal     = {J. Opt. Soc. Am. B},
    volume      = {31},
    issue       = {5},
    pages       = {1145},
    author      = {Lin, X. and Zhang, X. and Yao, K. and Jiang, X.}, 
    year        = {2014},
    hyphenation = {english},
    langid      = {english}

}

% ------------------------- %

@article{batterman_cole, 

    title       = {Dynamical {D}iffraction of {X} {R}ays by {P}erfect {C}rystals},
    journal     = {Rev. Mod. Phys.},
    volume      = {36},
    issue       = {3},
    pages       = {681}, 
    author      = {Batterman, B. W. and Cole, H.}, 
    year        = {1964},
    hyphenation = {english},
    langid      = {english}

}

% ------------------------- %

@inproceedings{Pfund1998,

    year            = {1998},
    publisher       = {AIP},
    author          = {R. E. W. Pfund and R. Lichters and J. Meyer-ter-Vehn},
    title           = {{LPIC}++ a parallel one-dimensional relativistic electromagnetic Particle-In-Cell code for simulating laser-plasma-interaction},
    booktitle       = {AIP Conference Proceedings},
    hyphenation     = {english},
    langid          = {english}

}

% ------------------------- %

@book{Kittel86,
    author          = {Киттель, Ч.},
    publisher       = {Наука},
    title           = {Введение в физику твёрдого тела},
    year            = {1978},
    address         = {Москва},
    hyphenation     = {russian},
    langid          = {russian},
}

% ------------------------- %

@article{Krainov2000,
    year            = {2000},
    volume          = {170},
    issue           = {9},
    pages           = {969},
    author          = {Крайнов, В. П. and Смирнов, М. Б.},
    title           = {Эволюция больших кластеров в сверхсильном лазерном поле},
    journal         = {Успехи Физических Наук},
    hyphenation     = {russian},
    langid          = {russian}
}

% ------------------------- %

@article{litv_andr, 

    year            = {2023},
    volume          = {131},
    issue           = {2},
    pages           = {270},
    author          = {Андреев, А. А. and Литвинов, Л. А.},
    title           = {Усиление угловой дисперсии лазерных гармоник высокого порядка при взаимодействии с плотными плазменными кластерами},
    journal         = {Оптика и Спектроскопия},
    hyphenation     = {russian},
    langid          = {russian},

}

% ------------------------- %

@article{litv_andr_plat, 

    year            = {2023},
    volume          = {131},
    issue           = {2},
    pages           = {183},
    author          = {Андреев, А. А. and Литвинов, Л. А. and Платонов, К. Ю.},
    title           = {Усиление коротковолновых субаттоимпульсов в лазере нa свободных электронах при помощи электронов, ускоренных в лазерной плазме},
    journal         = {Оптика и Спектроскопия},
    hyphenation     = {russian},
    langid          = {russian},

}

% ------------------------- %

@article{santos_bailly,
    author          = {Santos, J. J. and Bailly-Grandvaux, M. and Giuffrida, L.},
    journal         = {New J. Physics},
    number          = {8},
    title           = {Laser-driven platform for generation and characterization of strong quasi-static magnetic fields},
    volume          = {17},
    year            = {2015},
    hyphenation     = {english},
    langid          = {english},
    doi             = {10.1088/1367-2630/17/8/083051},
}

% ------------------------- %

@article{lecz_andreev_2020, 

    year            = {2020},
    volume          = {2},
    issue           = {2},
    author          = {Andreev, A. A. and L{\'{e}}cz, Zs.},
    title           = {Magnetic dipole moment generated in nano-droplets irradiated by circularly polarized laser pulse},
    journal         = {Phys Rev Research 2},
    hyphenation     = {english},
    langid          = {english},

}

% ------------------------- %

@article{andr_plat_2021, 

    year            = {2021},
    volume          = {51},
    issue           = {5},
    pages           = {446},
    author          = {Андреев, А. А. and Платонов, К. Ю.},
    title           = {Генерация сверхсильных квазистационарных магнитных полей в лазерной кластерной плазме},
    journal         = {Квантовая электроника},
    hyphenation     = {russian},
    langid          = {russian},

}

% ------------------------- %

@book{chen1987introduction,

    title           = {Введение в физику плазмы},
    author          = {Чен, Ф. Ф.},
    year            = {1987},
    publisher       = {Мир},
    address         = {Москва},
    hyphenation     = {russian},
    langid          = {russian},

}

% ------------------------- %

@article{gibbon1996lpi, 

    year            = {1996},
    volume          = {38},
    issue           = {6},
    pages           = {769},
    author          = {Gibbon, P. and Forster, E.},
    title           = {Short-pulse laser–plasma interactions},
    journal         = {Plasma Phys. Control. Fusion},
    hyphenation     = {english},
    langid          = {english},

}

% ------------------------- %

@book{miyamoto_controlfusion,

    title           = {Основы физики плазмы и управляемого синтеза},
    author          = {Миямото, К.},
    year            = {2007},
    publisher       = {Физматлит},
    address         = {Москва},
    hyphenation     = {russian},
    langid          = {russian}

}

% ------------------------- %

@article{barmina2016laserinduced, 

    year            = {2016},
    volume          = {688},
    issue           = {1},
    author          = {Barmina, E. V. and Timashev, S. F. and Shafeev, G. A.},
    title           = {Laser-induced synthesis and decay of Tritium under exposure of solid targets in heavy water},
    journal         = {J. Phys. Conf. Ser.},
    hyphenation     = {english},
    langid          = {english},

}

% ------------------------- %

@article{andreev2021generationmd, 

    year            = {2021},
    volume          = {11},
    issue           = {1},
    author          = {Andreev, A. A. and Platonov, K. Yu. and L{\'{e}}cz, Zs. and Hafz, N.},
    title           = {Generation and collective interaction of giant magnetic dipoles in laser cluster plasma},
    journal         = {Scientific Reports},
    hyphenation     = {english},
    langid          = {english},

}

% ------------------------- %

@article{andr_plat_2020, 

    year            = {2020},
    volume          = {112},
    issue           = {9},
    pages           = {598},
    author          = {Андреев, А. А. and Платонов, К. Ю.},
    title           = {Динамика и излучение релятивистских магнитных диполей лазерной кластерной плазмы},
    journal         = {Письма в ЖЭТФ},
    hyphenation     = {russian},
    langid          = {russian},

}

% ------------------------- %

@book{landau_field_theory,
    author          = {Ландау, Л. and Лившиц, Е.},
    publisher       = {Наука},
    title           = {Теория поля},
    year            = {1973},
    address         = {Москва},
    hyphenation     = {russian},
    langid          = {russian},
    edition         = {6},
}

% ------------------------- %

@article{epochpic, 

    year            = {2015},
    volume          = {57},
    issue           = {11},
    author          = {Arber, T. D. and Benett, K. and Brady, C. S. and Lawrence-Douglas, A. and Ramsay, M. G.},
    title           = {Contemporary particle-in-cell approach to laser-plasma modelling},
    journal         = {Plasma Phys. Control. Fusion},
    hyphenation     = {english},
    langid          = {english},

}

% ------------------------- %

@article{cpml2000, 

    year            = {2000},
    volume          = {27},
    issue           = {5},
    pages           = {334},
    author          = {Roden, J. Alan and Gedney, Stephen D.},
    title           = {Convolutional {PML (CPML)}: an efficient {FDTD} implementation of the {CFS-PML} for arbitrary media},
    journal         = {Microwave and Optical Technology Letters},
    hyphenation     = {english},
    langid          = {english},

}

% ------------------------- %

@conference{ncfm2023,
    author          = {Андреев, А. А. and Литвинов, Л. А. and Платонов, К. Ю.},
    booktitle       = {I Всероссийская школа НЦФМ по проблемам исследований в сильных и сверхсильных магнитных полях},
    title           = {Оптимальные параметры генерации сверхсильных магнитных полей при взаимодействии циркулярно-поляризованного излучения с высокоплотной нанокластерной плазмой},
    year            = {2023},
    hyphenation     = {russian},
    langid          = {russian},
}

% ------------------------- %

@conference{iclo2022,
    author          = {Andreev, A. A. and Litvinov, L. A.},
    title           = {Angular dispersion boost of high order laser harmonics interacting with dense plasma clusters},
    publisher       = {IEEE},
    year            = {2022},
    hyphenation     = {english},
    langid          = {english},
    booktitle       = {2022 International Conference Laser Optics (ICLO)}

}